<?xml version="1.0" encoding="UTF-8"?><collection xmlns="http://www.loc.gov/MARC21/slim"><record><leader>00550nam--2200193-i-4500</leader><controlfield tag="001">000008463</controlfield><controlfield tag="002">20161230</controlfield><controlfield tag="005">20161230201027</controlfield><controlfield tag="008">060222s1000------------r-----000-0-rum-d</controlfield><datafield ind1=" " ind2=" " tag="040"><subfield code="a">IFIN-HH</subfield></datafield><datafield ind1=" " ind2=" " tag="041"><subfield code="a">rum</subfield></datafield><datafield ind1=" " ind2=" " tag="080"><subfield code="a">539.12</subfield></datafield><datafield ind1="1" ind2=" " tag="100"><subfield code="a">Ciulli, Sorin</subfield></datafield><datafield ind1="1" ind2="0" tag="245"><subfield code="a">Aplicatii ale transformarilor conforme in teoria interactiilor tari</subfield><subfield code="b">Teza</subfield><subfield code="c">Sorin ciulli</subfield></datafield><datafield ind1=" " ind2=" " tag="260"><subfield code="a">Bucuresti</subfield><subfield code="b">Ifa</subfield><subfield code="c">1967</subfield></datafield><datafield ind1=" " ind2=" " tag="300"><subfield code="a">130P</subfield></datafield><datafield ind1=" " ind2=" " tag="500"><subfield code="a">Conducator Stiintific: Acad.Prof.Dr.Docent Serban Titeica</subfield></datafield><datafield ind1=" " ind2=" " tag="852"><subfield code="a">28556</subfield><subfield code="c">539.12</subfield></datafield><datafield ind1=" " ind2=" " tag="CAT"><subfield code="a">Sys</subfield><subfield code="c">20111115</subfield><subfield code="h">165857</subfield></datafield></record></collection>